<record><leader>00000cas a22000007a 4500</leader><controlfield tag="001">18660846</controlfield><controlfield tag="008">881024d18741897nyuwr ne      0    0eng d</controlfield><datafield ind1=" " ind2=" " tag="010"><subfield code="a">sn 88074808 </subfield></datafield><datafield ind1=" " ind2=" " tag="040"><subfield code="a">NYS</subfield><subfield code="b">eng</subfield><subfield code="c">NYS</subfield><subfield code="d">OCLCQ</subfield></datafield><datafield ind1=" " ind2=" " tag="042"><subfield code="a">msc</subfield></datafield><datafield ind1="0" ind2=" " tag="130"><subfield code="a">Skaneateles free press (Skaneateles, N.Y. : 1874)</subfield></datafield><datafield ind1="1" ind2="0" tag="245"><subfield code="a">Skaneateles free press.</subfield></datafield><datafield ind1=" " ind2=" " tag="260"><subfield code="a">Skaneateles, Onondaga County, N.Y. :</subfield><subfield code="b">J.C. Stephenson,</subfield><subfield code="c">1874-1897.</subfield></datafield><datafield ind1=" " ind2=" " tag="300"><subfield code="a">24 v.</subfield></datafield><datafield ind1=" " ind2=" " tag="310"><subfield code="a">Weekly</subfield></datafield><datafield ind1="0" ind2=" " tag="362"><subfield code="a">Vol. 1, no. 1 (Mar. 21, 1874)-v. 24, no. 42 (Dec. 31, 1897).</subfield></datafield><datafield ind1=" " ind2="4" tag="651"><subfield code="a">Skaneateles (N.Y.)</subfield><subfield code="v">Newspapers.</subfield></datafield><datafield ind1=" " ind2=" " tag="752"><subfield code="a">United States</subfield><subfield code="b">New York</subfield><subfield code="c">Onondaga</subfield><subfield code="d">Skaneateles.</subfield></datafield><datafield ind1="0" ind2="0" tag="785"><subfield code="t">Semi-weekly Skaneateles free press (Skaneateles, N.Y. : 1898)</subfield><subfield code="w">(DLC)sn 92061465</subfield><subfield code="w">(OCoLC)25264167</subfield></datafield><datafield ind1="1" ind2=" " tag="029"><subfield code="a">AU@</subfield><subfield code="b">000020547682</subfield></datafield></record>